<?xml version="1.0" encoding="UTF-8"?><collection xmlns="http://www.loc.gov/MARC21/slim"><record><leader>00576nam--2200181-i-4500</leader><controlfield tag="001">000011315</controlfield><controlfield tag="002">20161230</controlfield><controlfield tag="005">20161230201029</controlfield><controlfield tag="008">060222s1000------------r-----000-0-fre-d</controlfield><datafield ind1=" " ind2=" " tag="040"><subfield code="a">IFIN-HH</subfield></datafield><datafield ind1=" " ind2=" " tag="041"><subfield code="a">fre</subfield></datafield><datafield ind1=" " ind2=" " tag="080"><subfield code="a">539.124.143(043):547.52(043)</subfield></datafield><datafield ind1="1" ind2=" " tag="100"><subfield code="a">Catteau, Jean-pierre</subfield></datafield><datafield ind1="1" ind2="0" tag="245"><subfield code="a">Etude par r.p.r. des reactions de photosubsitut ion de derives aromatiques azotes a six chainons</subfield><subfield code="b">These</subfield><subfield code="c">Jean-pierre catteau</subfield></datafield><datafield ind1=" " ind2=" " tag="260"><subfield code="a">Lille</subfield><subfield code="b">Universite Des Sciences Et Techniques</subfield><subfield code="c">1973</subfield></datafield><datafield ind1=" " ind2=" " tag="300"><subfield code="a">90 P</subfield></datafield><datafield ind1=" " ind2=" " tag="852"><subfield code="a">42155</subfield><subfield code="c">539.143.43</subfield></datafield><datafield ind1=" " ind2=" " tag="CAT"><subfield code="a">Sys</subfield><subfield code="c">20120509</subfield><subfield code="h">135912</subfield></datafield></record></collection>